<record><leader>00000cas a22000007a 4500</leader><controlfield tag="001">12071760</controlfield><controlfield tag="008">850523d1872187uiluwr ne      0    0eng d</controlfield><datafield ind1=" " ind2=" " tag="010"><subfield code="a">sn 85033585 </subfield></datafield><datafield ind1=" " ind2=" " tag="040"><subfield code="a">NPU</subfield><subfield code="b">eng</subfield><subfield code="c">NPU</subfield><subfield code="d">MGN</subfield><subfield code="d">OCLCQ</subfield></datafield><datafield ind1=" " ind2=" " tag="042"><subfield code="a">msc</subfield></datafield><datafield ind1="0" ind2="4" tag="245"><subfield code="a">The Saturday transcript.</subfield></datafield><datafield ind1=" " ind2=" " tag="260"><subfield code="a">Earlville, Ill. :</subfield><subfield code="b">J.T. Payne</subfield></datafield><datafield ind1=" " ind2=" " tag="300"><subfield code="a">v. ;</subfield><subfield code="c">40 cm.</subfield></datafield><datafield ind1=" " ind2=" " tag="310"><subfield code="a">Weekly</subfield></datafield><datafield ind1="1" ind2=" " tag="362"><subfield code="a">Began in 1872.</subfield></datafield><datafield ind1=" " ind2=" " tag="500"><subfield code="a">Published every Saturday.</subfield></datafield><datafield ind1=" " ind2=" " tag="588"><subfield code="a">Description based on: New ser., no. 1 (Jan. 4, 1873).</subfield></datafield><datafield ind1=" " ind2=" " tag="752"><subfield code="a">United States</subfield><subfield code="b">Illinois</subfield><subfield code="c">La Salle</subfield><subfield code="d">Earlville.</subfield></datafield><datafield ind1="0" ind2="0" tag="785"><subfield code="t">Earlville transcript</subfield><subfield code="w">(DLC)sn 84038423</subfield></datafield></record>